Automatically generated by Mendeley Desktop 1.19.8
Any changes to this file will be lost if it is regenerated by Mendeley.

BibTeX export options can be customized via Preferences -> BibTeX in Mendeley Desktop

@article{Kruschwitz2017,
author = {Kruschwitz, Udo and Hull, Charlie},
doi = {10.1561/1500000053},
file = {:Users/kyefelton/Library/Mobile Documents/com{\~{}}apple{\~{}}CloudDocs/Uni Notes/ELEC4712/Literature/Search Engines.pdf:pdf},
issn = {15540677},
journal = {Foundations and Trends in Information Retrieval},
number = {1},
pages = {1--142},
title = {{Searching the Enterprise}},
volume = {11},
year = {2017}
}
@article{Santos2015a,
author = {Santos, Rodrygo L.T. and MacDonald, Craig and Ounis, Iadh},
doi = {10.1561/1500000040},
file = {:Users/kyefelton/Library/Mobile Documents/com{\~{}}apple{\~{}}CloudDocs/Uni Notes/ELEC4712/Literature/Search Result Diversification.pdf:pdf},
issn = {15540677},
journal = {Foundations and Trends in Information Retrieval},
number = {1},
pages = {1--90},
title = {{Introduction: Search result diversification}},
volume = {9},
year = {2015}
}
@article{Gutierrez2021a,
author = {Gutierrez, Claudio and Sequeda, Juan F.},
doi = {10.1145/3418294},
file = {:Users/kyefelton/Library/Mobile Documents/com{\~{}}apple{\~{}}CloudDocs/Uni Notes/ELEC4712/Literature/Knowledge Graphs.pdf:pdf},
issn = {15577317},
journal = {Communications of the ACM},
number = {3},
pages = {96--104},
title = {{Knowledge graphs}},
volume = {64},
year = {2021}
}
@book{Li2013a,
author = {Li, Hang and Xu, Jun},
booktitle = {Foundations and Trends in Information Retrieval},
doi = {10.1561/1500000035},
file = {:Users/kyefelton/Library/Mobile Documents/com{\~{}}apple{\~{}}CloudDocs/Uni Notes/ELEC4712/Literature/Semantic Matching in Search.pdf:pdf},
isbn = {1500000035},
issn = {15540677},
number = {5},
pages = {343--469},
title = {{Semantic matching in search}},
volume = {7},
year = {2013}
}
@phdthesis{Weikum2020a,
archivePrefix = {arXiv},
arxivId = {2009.11564},
author = {Weikum, Gerhard and Razniewski, Simon and Dong, Luna and Suchanek, Fabian},
booktitle = {Foundations and Trends in Databases},
eprint = {2009.11564},
file = {:Users/kyefelton/Library/Mobile Documents/com{\~{}}apple{\~{}}CloudDocs/Uni Notes/ELEC4712/Literature/Machine Knowledge- Creation and Curation of Comprehensive Knowledge Bases.pdf:pdf},
issn = {23318422},
title = {{Machine knowledge: Creation and curation of comprehensive knowledge bases}},
year = {2020}
}
@article{Bast2016a,
author = {Bast, Hannah and Buchhold, Bj{\"{o}}rn and Haussmann, Elmar},
doi = {10.1561/1500000032},
file = {:Users/kyefelton/Library/Mobile Documents/com{\~{}}apple{\~{}}CloudDocs/Uni Notes/ELEC4712/Literature/Semantic Search on Text and Knowledge Bases.pdf:pdf},
issn = {15540677},
journal = {Foundations and Trends in Information Retrieval},
number = {2-3},
pages = {119--271},
title = {{Semantic search on text and knowledge bases}},
volume = {10},
year = {2016}
}
@article{Hitzler2021a,
author = {Hitzler, Pascal},
doi = {10.1145/3397512},
file = {:Users/kyefelton/Library/Mobile Documents/com{\~{}}apple{\~{}}CloudDocs/Uni Notes/ELEC4712/Literature/Review of Semantic Web Field.pdf:pdf},
journal = {Communications of the ACM},
number = {2},
pages = {76--83},
title = {{A Review of the Semantic Web Field}},
volume = {64},
year = {2021}
}
@article{Meij2020a,
author = {Meij, Edgar and Reinanda, Ridho and de Rijke, Maarten},
doi = {10.1561/XXXXXXXXX.This},
file = {:Users/kyefelton/Library/Mobile Documents/com{\~{}}apple{\~{}}CloudDocs/Uni Notes/ELEC4712/Literature/Knowledge Graphs 2.pdf:pdf},
number = {xx},
pages = {1--153},
title = {{Knowledge Graphs: An Information Retrieval Perspective}},
volume = {xx},
year = {2020}
}
